<record><leader>00000cas a22000007a 4500</leader><controlfield tag="001">11912565</controlfield><controlfield tag="008">850412d18801890paudn ne      0    0eng d</controlfield><datafield ind1=" " ind2=" " tag="010"><subfield code="a">sn 85054896 </subfield></datafield><datafield ind1=" " ind2=" " tag="040"><subfield code="a">NPH</subfield><subfield code="b">eng</subfield><subfield code="c">NPH</subfield><subfield code="d">NPX</subfield><subfield code="d">NPH</subfield><subfield code="d">OCLCQ</subfield></datafield><datafield ind1=" " ind2=" " tag="042"><subfield code="a">msc</subfield></datafield><datafield ind1="0" ind2=" " tag="130"><subfield code="a">Lancaster daily examiner (Lancaster, Pa. : 1880)</subfield></datafield><datafield ind1="1" ind2="4" tag="245"><subfield code="a">The Lancaster daily examiner.</subfield></datafield><datafield ind1="1" ind2="3" tag="246"><subfield code="a">Examiner and express</subfield></datafield><datafield ind1="1" ind2="3" tag="246"><subfield code="a">Lancaster examiner</subfield></datafield><datafield ind1=" " ind2=" " tag="260"><subfield code="a">Lancaster, Pa. :</subfield><subfield code="b">John A. Hiestand,</subfield><subfield code="c">1880-1890.</subfield></datafield><datafield ind1=" " ind2=" " tag="300"><subfield code="a">v. :</subfield><subfield code="b">ill. (chiefly advertisements) ;</subfield><subfield code="c">67 cm.</subfield></datafield><datafield ind1=" " ind2=" " tag="310"><subfield code="a">Daily (except Sun.)</subfield></datafield><datafield ind1="0" ind2=" " tag="362"><subfield code="a">Express, v. 47, no. 97 (Apr. 15, 1880)-v. 48, no. 155 (Dec. 31, 1890) = Examiner, v. 16, no. 97-v. 36, no. 155.</subfield></datafield><datafield ind1=" " ind2=" " tag="752"><subfield code="a">United States</subfield><subfield code="b">Pennsylvania</subfield><subfield code="c">Lancaster</subfield><subfield code="d">Lancaster.</subfield></datafield><datafield ind1="0" ind2=" " tag="775"><subfield code="t">Lancaster weekly examiner</subfield><subfield code="w">(DLC)sn 87080012</subfield></datafield><datafield ind1="0" ind2="0" tag="780"><subfield code="t">Daily examiner and express</subfield><subfield code="w">(DLC)sn 86071878</subfield></datafield><datafield ind1="0" ind2="0" tag="785"><subfield code="t">Daily examiner (Lancaster, Pa.)</subfield><subfield code="w">(DLC)sn 89077184</subfield></datafield></record>